@article{DeepChess,
  author    = {Eli David and
               Nathan S. Netanyahu and
               Lior Wolf},
  title     = {DeepChess: End-to-End Deep Neural Network for Automatic Learning in
               Chess},
  journal   = {CoRR},
  volume    = {abs/1711.09667},
  year      = {2017},
  url       = {http://arxiv.org/abs/1711.09667},
  archivePrefix = {arXiv},
  eprint    = {1711.09667},
  timestamp = {Mon, 13 Aug 2018 16:49:03 +0200},
  biburl    = {https://dblp.org/rec/bib/journals/corr/abs-1711-09667},
  bibsource = {dblp computer science bibliography, https://dblp.org}
}

@inproceedings{Oshri2015PredictingMI,
  title={Predicting Moves in Chess using Convolutional Neural Networks},
  author={Barak Oshri},
  year={2015}
}
